<?xml version="1.0" encoding="UTF-8"?><record xmlns="http://www.loc.gov/MARC21/slim" xmlns:cinclude="http://apache.org/cocoon/include/1.0" xmlns:zs="http://www.loc.gov/zing/srw/">
  <leader>00347nz  a2200121n  4500</leader>
  <controlfield tag="001">n  85351342 </controlfield>
  <controlfield tag="003">DLC</controlfield>
  <controlfield tag="005">19871218132649.2</controlfield>
  <controlfield tag="008">871102n| acannaab|          |n aaa ||| b</controlfield>
  <datafield tag="010" ind1=" " ind2=" ">
    <subfield code="a">n  85351342 </subfield>
  </datafield>
  <datafield tag="040" ind1=" " ind2=" ">
    <subfield code="a">DNLM</subfield>
    <subfield code="c">DLC</subfield>
    <subfield code="d">DLC</subfield>
  </datafield>
  <datafield tag="100" ind1="1" ind2="0">
    <subfield code="a">Micovic, P.</subfield>
  </datafield>
  <datafield tag="670" ind1=" " ind2=" ">
    <subfield code="a">Health planning and management glossary, c1984:</subfield>
    <subfield code="b">t.p. (Prof. P. Micovic; WHO medical officer)</subfield>
  </datafield>
</record>